@inproceedings{Bayer1990,
	author = {Bayer, Samuel},
	title = {Tough movement as function composition},
	booktitle = {Proceedings of the 9th West Coast Conference on Formal Linguistics (WCCFL 9)},
	year = {1990},
}

@misc{Brillman2015,
	author       = {Ruth Brillman}, 
	title        = {Too tough to see: null operators and hidden movement chains},
	howpublished = {MIT Generals Paper},
	year         = 2015
}
@incollection{Bennis2004,
	doi = {10.1093/acprof:oso/9780199257652.003.0004},
	url = {https://doi.org/10.1093/acprof:oso/9780199257652.003.0004},
	year = {2004},
	month = jan,
	publisher = {Oxford University Press},
	pages = {84--113},
	author = {Hans Bennis},
	title = {Unergative Adjectives and Psych Verbs},
	booktitle = {The Unaccusativity Puzzle}
}
@incollection{Bennis2000,
	doi = {10.1075/cilt.197.04ben},
	url = {https://doi.org/10.1075/cilt.197.04ben},
	year = {2000},
	publisher = {John Benjamins Publishing Company},
	pages = {27},
	author = {Hans Bennis},
	title = {Adjectives and Argument Structure},
	booktitle = {Lexical Specification and Insertion}
}
@unpublished{Landau2006,
	title= {Ways of Being Rude},
	author = {Landau, Idan},
	year = {2006},
	URL= {https://www.bgu.ac.il/~idanl/files/Rude%20Adjectives.named.pdf},
}
@phdthesis{Moulton2009,
	author = {Moulton, Keir},
	title = {Natural selection and the syntax of clausal complementation},
	school = {University of Massachusetts, Amherst},
	year = {2009}
}
@unpublished{Kratzer2006,
	title= {Decomposing attitude verbs},
	author = {Kratzer, Angelika},
	year = {2006},
	URL= {https://semanticsarchive.net/Archive/DcwY2JkM/attitude-verbs2006.pdf},
}
@article{Heim2000,
	doi = {10.3765/salt.v10i0.3102},
	url = {https://doi.org/10.3765/salt.v10i0.3102},
	year = {2000},
	month = sep,
	publisher = {Linguistic Society of America},
	volume = {10},
	pages = {40},
	author = {Irene Heim},
	title = {Degree Operators and Scope},
	journal = {Semantics and Linguistic Theory}
}
@article{Nissenbaum2011,
	title={Parasitic degree phrases},
	author={Jon Nissenbaum and Bernhard Schwarz},
	journal={Natural Language Semantics},
	year={2011},
	volume={19},
	pages={1-38}
}
@book{Huot1981,
	author={Huot, H},
	title={Constructions infinitives du français : le subordonnant},
	year={1981}
	address={Geneva},
	publisher={Droz}
}
@article{Guerin2006,
	title={On tough constructions in French},
	author={Guerin, Valerie},
	year={2006},
	publisher={University of Hawai'i at M{\=a}noa Department of Linguistics}
}

@article{Fox2003,
	title={On logical form},
	author={Fox, Danny},
	journal={Minimalist syntax},
	pages={82--123},
	year={2003}
}
@article{AguilaMultner2022,
	doi = {10.16995/glossa.6478},
	url = {https://doi.org/10.16995/glossa.6478},
	year = {2022},
	month = mar,
	publisher = {Open Library of the Humanities},
	volume = {7},
	number = {1},
	author = {Gabrielle Aguila-Multner and Berthold Crysmann},
	title = {French missing object constructions},
	journal = {Glossa: a journal of general linguistics}
}

@article{Brody1993,
	ISSN = {00243892, 15309150},
	URL = {http://www.jstor.org/stable/4178800},
	author = {Michael Brody},
	journal = {Linguistic Inquiry},
	number = {1},
	pages = {1--23},
	publisher = {The MIT Press},
	title = {θ-Theory and Arguments},
	urldate = {2022-04-15},
	volume = {24},
	year = {1993}
}

@book{Chomsky1986,
	title={Barriers},
	author={Chomsky, N.},
	isbn={9780262530675},
	lccn={85023776},
	series={Linguistic Inquiry Monographs},
	url={https://books.google.com/books?id=TLpNEAAAQBAJ},
	year={1986},
	publisher={MIT Press}
}

@book{Chomsky1981,
	title={Lectures on Government and Binding},
	author={Chomsky, N.},
	isbn={9789070176280},
	lccn={82213463},
	series={Studies in generative grammar},
	url={https://books.google.com/books?id=5tdrAAAAIAAJ},
	year={1981},
	publisher={Foris Publications}
}
@book{Chomsky1982,
	title={Some Concepts and Consequences of the Theory of Government and Binding},
	author={Chomsky, N.},
	isbn={9780262530422},
	lccn={82007218},
	series={Linguistic Inquiry monographs},
	url={https://books.google.com/books?id=F6c1FLuTPXgC},
	year={1982},
	publisher={MIT Press}
}
@incollection{Chomsky1977,
	title={On wh-movement},
	editor={Cullicover, P. and Wasow, T. and Akmajian, A.},
	author={Chomsky, Noam},
	booktitle={Formal Syntax},
	year={1977},
	publisher={Academic Press},
	pages={71--132},
	address={New York},
	publisher={Academic Press}
}


@unpublished{Chomsky1964,
	title = {Current Issues in Linguistic Theory},
	year = {1964},
	author = {N. Chomsky},
	publisher = {Mouton \& Co.}
}

@article{Fleisher2015,
	title={Rare-class adjectives in the tough-construction},
	author={Nicholas Fleisher},
	journal={Language},
	year={2015},
	volume={91},
	pages={108 - 73}
}

@article{Kawai2002,
	title={Tough subjects are thematic},
	author={Kawai, Michiya and Burelle, Sophie and Somestalean, Stanca},
	journal={Proceedings of the 2002 Annual Confert nce of the Canadian Linguistic Association},
	pages={167--180},
	year={2002}
}
@article{Lees1960,
	title={A multiply ambiguous adjectival construction in English},
	author={Lees, Robert B.},
	journal={Language},
	year={1960},
	volume={36},
	pages={207 -- 221}
}


@article{Gluckman2021,
	doi = {10.1007/s11050-021-09181-3},
	url = {https://doi.org/10.1007/s11050-021-09181-3},
	year = {2021},
	month = jul,
	publisher = {Springer Science and Business Media {LLC}},
	volume = {29},
	number = {3},
	pages = {453--499},
	author = {John Gluckman},
	title = {The meaning of the tough-construction},
	journal = {Natural Language Semantics}
}

@inproceedings{Hartman2011,
	author =    {J Hartman},
	title =     {Intervention in tough constructions},
	booktitle = {Proceedings of the 39th Meeting of the North East Linguistic Society (NELS 39)},
	editor={Lima, Suzi and Mullin, Kevin and Smith, Brian},
	pages={387--397},
	year={2009},
	address={Amherst, MA},
	publisher={GLSA}  
}
@article{Bruening2014,
	doi = {10.1162/ling_a_00171},
	url = {https://doi.org/10.1162%2Fling_a_00171},
	year = 2014,
	month = {oct},
	publisher = {{MIT} Press - Journals},
	volume = {45},
	number = {4},
	pages = {707--719},
	author = {Benjamin Bruening},
	title = {Defects of Defective Intervention},
	journal = {Linguistic Inquiry}
}
@inproceedings{Chomsky1973,
	author =    {Chomsky, Noam},
	title =     {Conditions on Transformations},
	booktitle = {A Festschrift for Morris Halle},
	editor={Anderson, Stephen and Kiparsky, Paul},
	pages={232--286},
	year={1973},
	address={New York},
	publisher={Academic Press}  
}
@article{May1979,
	author = {Robert May},
	journal = {Linguistic Inquiry},
	number = {4},
	pages = {719--725},
	publisher = {The MIT Press},
	title = {Must {COMP}-to-{COMP} Movement Be Stipulated?},
	volume = {10},
	year = {1979}
}


@inproceedings{Mulder1992,
	author =    {Mulder, René and den Dikken, Marcel},
	title =     {Tough Parasitic Gaps},
	booktitle = {Proceedings of the 22nd Meeting of the North East Linguistic Society (NELS 22)},
	editor={Broderick, K.},
	pages={303--317},
	year={1992},
	address={Amherst, MA},
	publisher={GLSA}  
}

@article{Hicks2009,
	author = {Hicks, Glyn},
	title = "{Tough-Constructions and Their Derivation}",
	journal = {Linguistic Inquiry},
	volume = {40},
	number = {4},
	pages = {535-566},
	year = {2009},
	month = {10},
	issn = {0024-3892},
	doi = {10.1162/ling.2009.40.4.535},
	url = {https://doi.org/10.1162/ling.2009.40.4.535},
	eprint = {https://direct.mit.edu/ling/article-pdf/40/4/535/724557/ling.2009.40.4.535.pdf},
}

@article{Ruys2000,
	ISSN = {00243892, 15309150},
	URL = {http://www.jstor.org/stable/4179116},
	author = {E. G. Ruys},
	journal = {Linguistic Inquiry},
	number = {3},
	pages = {513--539},
	publisher = {The MIT Press},
	title = {Weak Crossover as a Scope Phenomenon},
	urldate = {2022-06-18},
	volume = {31},
	year = {2000}
}


@book{Hornstein2001,
	author = {Hornstein, Norbert},
	title = {Move! A minimalist theory of construal},
	year = {2001},
	address = {Oxford},
	publisher = {Blackwell},
}

@article{Keine2017,
	author = {Stefan Keine and Ethan Poole},
	doi = {doi:10.1515/tlr-2017-0003},
	url = {https://doi.org/10.1515/tlr-2017-0003},
	title = {Intervention in tough-constructions revisited},
	journal = {The Linguistic Review},
	number = {2},
	volume = {34},
	year = {2017},
	pages = {295--329}
}

@article{Lasersohn2005,
	doi = {10.1007/s10988-005-0596-x},
	url = {https://doi.org/10.1007/s10988-005-0596-x},
	year = {2005},
	month = dec,
	publisher = {Springer Science and Business Media {LLC}},
	volume = {28},
	number = {6},
	pages = {643--686},
	author = {Peter Lasersohn},
	title = {Context Dependence,  Disagreement,  and Predicates of Personal Taste},
	journal = {Linguistics and Philosophy}
}
@incollection{Stowell1991,
	author={Stowell, Tim},
	doi = {10.1163/9789004373198_007},
	url = {https://doi.org/10.1163/9789004373198_007},
	year = {1991},
	month = dec,
	publisher = {Academic Press},
	pages = {105--135},
	title = {The Alignment of Arguments in Adjective Phrases},
	editor={Rothstein, Suzan},
	booktitle = {Perspectives on Phrase Structure: Heads and Licensing},
	series= {Syntax and Semantics 25},
}
@article{Lasnik1991,
	ISSN = {00243892, 15309150},
	URL = {http://www.jstor.org/stable/4178746},
	author = {Howard Lasnik and Tim Stowell},
	journal = {Linguistic Inquiry},
	number = {4},
	pages = {687--720},
	publisher = {The MIT Press},
	title = {Weakest Crossover},
	urldate = {2022-04-15},
	volume = {22},
	year = {1991}
}

@article{Rapp1999,
	author = {Rapp, Irene and Von Stechow, Arnim},
	title = "{Fast `Almost' and the Visibility Parameter for Functional Adverbs}",
	journal = {Journal of Semantics},
	volume = {16},
	number = {2},
	pages = {149-204},
	year = {1999},
	month = {04},
	issn = {0167-5133},
	doi = {10.1093/jos/16.2.149},
	url = {https://doi.org/10.1093/jos/16.2.149},
}
@inproceedings{McCawley1971,
	title={Prelexical syntax},
	author={McCawley, James D},
	booktitle={Report of the 22nd Roundtahle Meeting on Linguistics and Language Studies},
	editor={O'Brien},
	publisher={Georgetown University Press}
}




@article{Pesetsky1987,
	ISSN = {00243892, 15309150},
	URL = {http://www.jstor.org/stable/4178528},
	author = {David Pesetsky},
	journal = {Linguistic Inquiry},
	number = {1},
	pages = {126--140},
	publisher = {The MIT Press},
	title = {Binding Problems with Experiencer Verbs},
	urldate = {2022-04-16},
	volume = {18},
	year = {1987}
}
@book{deCat2007,
	title={French dislocation: Interpretation, syntax, acquisition},
	author={De Cat, C{\'e}cile},
	volume={17},
	year={2007},
	publisher={OUP Oxford}
}
@article{Roberge1986,
	title={Subject Doubling, Free Inversion, and Null Argument Languages},
	volume={31},
	DOI={10.1017/S0008413100011440},
	number={1},
	journal={Canadian Journal of Linguistics/Revue canadienne de linguistique},
	publisher={Cambridge University Press}, author={Roberge, Yves},
	year={1986},
	pages={55--80}
}
@book{Jaeggli1981,
	address = {Dordrecht},
	title = {Topics in Romance Syntax},
	publisher = {Foris},
	author = {Jaeggli, Osvaldo},
	year = {1981},
}
@article{Pollock1983,
	doi = {10.1075/li.7.1.06pol},
	url = {https://doi.org/10.1075/li.7.1.06pol},
	year = {1983},
	month = jan,
	publisher = {John Benjamins Publishing Company},
	volume = {7},
	number = {1},
	pages = {131--181},
	author = {Jean-Yves Pollock},
	title = {Accord,  Chaines Impersonnelles Et Variables},
	journal = {Lingvistic{\ae} Investigationes. International Journal of Linguistics and Language Resources}
}
@book{Kayne1983,
	address = {Dordrecht},
	title = {Connectedness and Binary Branching},
	publisher = {Foris},
	author = {Kayne, Richard},
	year = {1983},
}
@article{Zaring1994,
	ISSN = {0167806X, 15730859},
	author = {Laurie Zaring},
	journal = {Natural Language \& Linguistic Theory},
	number = {3},
	pages = {515--569},
	publisher = {Springer},
	title = {On the Relationship between Subject Pronouns and Clausal Arguments},
	urldate = {2022-04-12},
	volume = {12},
	year = {1994}
}

@inproceedings{Keller1995,
	author = {Keller, Frank},
	title = {Towards an Account of Extraposition in HPSG},
	year = {1995},
	publisher = {Morgan Kaufmann Publishers Inc.},
	address = {San Francisco, CA, USA},
	url = {https://doi.org/10.3115/976973.977020},
	doi = {10.3115/976973.977020},
	booktitle = {Proceedings of the Seventh Conference on European Chapter of the Association for Computational Linguistics},
	pages = {301–306},
	numpages = {6},
	location = {Dublin, Ireland},
	series = {EACL '95}
}


@inproceedings{Gluckman2019,
	author =    {Gluckman, John},
	title =     {The natural class of tough-predicates, and non-finite clauses},
	booktitle = {Proceedings of the 36th West Coast Conference on Formal Linguistics (WCCFL 36)},
	editor={Stockwell, Richard and O'Leary, Maura and Xu, Zhongshi and Zhou, Z. L.},
	pages={149--158},
	year={2019},
	address={Somerville, MA},
	publisher={Cascadilla Press}  
}



@article{Lasnik1974,
	ISSN = {00243892, 15309150},
	URL = {http://www.jstor.org/stable/4177842},
	author = {Howard Lasnik and Robert Fiengo},
	journal = {Linguistic Inquiry},
	number = {4},
	pages = {535--571},
	publisher = {The MIT Press},
	title = {Complement Object Deletion},
	urldate = {2022-04-15},
	volume = {5},
	year = {1974}
}


@misc{Longenbaugh2017,
	author       = {Nicholas Longenbaugh}, 
	title        = {Composite {A/A}-bar-movement: Evidence from English tough-movement},
	year         = 2017,
}

@article{Moulton2015,
	ISSN = {00243892, 15309150},
	URL = {http://www.jstor.org/stable/43695680},
	author = {Keir Moulton},
	journal = {Linguistic Inquiry},
	number = {2},
	pages = {305--342},
	publisher = {The MIT Press},
	title = {CPs: Copies and Compositionality},
	urldate = {2022-04-15},
	volume = {46},
	year = {2015}
}

@book{Postal1971,
	title={Cross-over Phenomena},
	author={Postal, P.M.},
	isbn={9780030852305},
	lccn={76133047},
	series={Transatlantic series in linguistics},
	url={https://books.google.com/books?id=4OcrAAAAMAAJ},
	year={1971},
	publisher={Holt, Rinehart and Winston}
}
@incollection{Rezac2006,
	doi = {10.1075/la.91.19rez},
	url = {https://doi.org/10.1075/la.91.19rez},
	year = {2006},
	publisher = {John Benjamins Publishing Company},
	pages = {288--325},
	author = {Milan Rezac},
	title = {On tough-movement},
	booktitle = {Linguistik Aktuell/Linguistics Today}
}

@phdthesis{Rosenbaum1967,
	author = {Rosenbaum,  Peter S},
	title = {The grammar of English predicate complement constructions},
	school = {MIT},
	year = {1967}
}
@phdthesis{Shahar2008,
	author = {Shahar, Jed},
	title = {What some its are: non-referential it, extraposition, and copies.},
	school = {The City University of New York},
	year = {2008}
}

@phdthesis{Ross1967,
	title = {Constraints on variables in syntax.},
	school = {MIT},
	author = {Ross, John Robert},
	year = {1967},
}
@phdthesis{Nanni1978,
	title = {The ``easy'' class of adjectives in English.},
	school = {University of Massachusetts Amherst},
	author = {Nanni, Deborah Linett},
	year = {1978},
}

# Talks about causative flavor of tough-subject, formalizes it via an enablement relationship between the subject and the tough statement (no direct theta-role then)
@phdthesis{Grover1995,
	author = {Grover, Claire},
	title = {Rethinking Some Empty Categories: Missing Objects and Parasitic Gaps in HPSG},
	school = {University of Essex},
	year = {1995}
}

# Apparently says stuff about causative tough subjects, also about causative clause in non-TCs... cf, Hick's commentary.
@inproceedings{Kim1995,
	author={Kim, Boomee},
	year={1995},
	title={Predication in tough constructions},
	booktitle={Proceedings of the Fourteenth Conference on Formal Linguistics},
	editor={Camacho, José and Choueiri, Lina and Watanabe, Maki},
	pages={271--285},
	address={Stanford, CA},
	publisher={CSLI}
}

# Also advocates for the fact that a property of the tough subject causes the toughness. IMPOSSIBLE TO FIND!
@article{Schachter1981,
	author={Schachter, Paul},
	year={1981},
	title={Lovely to look at},
	journal={Linguistic Analysis}
	volume={8},
	pages={431--448}
}

# Argues that the causation is pragmatic
@inproceedings{Goh2000b,
	author={Goh, Gwang-Yoon},
	year={2000},
	title={Pragmatics of the English Tough-Construction},
	booktitle={Proceedings of the North East Linguistics Society 30},
	editor={Hirotani, Masako and Coetzee, Andries and Hall, Nancy and Kim, Ji-yung},
	pages={219--230},
	address={Amherst, MA},
	publisher={GLSA}
}

# Argue for causation, nice data
@inproceedings{Hukari1990,
	author={Hukari, Thomas E. and Levine, Robert D.},
	year={1990},
	title={The complement structure of tough constructions},
	booktitle={Proceedings of the 7th ESCOL},
	pages={124--135},
	address={The Ohio State University}
}

@unpublished{Longenbaugh2015,
	title= {The two predicates tough},
	author = {Longenbaugh, Nicholas},
	year = {2015},
	note= {A talk given at the 46th Meeting of
	the North East Linguistic Society (NELS 46)},
}


@book{Sonnenberg1992,
	author = {Sonnenberg, Bernhard},
	year = {1992},
	title = {Korrelate im Deutschen: Beschreibung, Geschichte und Grammatiktheorie},
	address = {Tübingen},
	publisher = {Niemeyer}
}

@article{Buring1997,
	doi = {10.1515/tlir.1997.14.1.1},
	url = {https://doi.org/10.1515%2Ftlir.1997.14.1.1},
	year = 1997,
	publisher = {Walter de Gruyter {GmbH}},
	volume = {14},
	number = {1},
	pages = {1--42},
	author = {Büring, Daniel and Hartmann, Katharina},
	title = {Doing the right thing},
	journal = {The Linguistic Review}
}

@incollection{Muller1995,
	doi = {10.1075/la.11.08mul},
	url = {https://doi.org/10.1075%2Fla.11.08mul},
	year = 1995,
	pages = {213--243},
	author = {Müller, Gereon},
	title = {On Extraposition {\&} Successive Cyclicity},
	editor = {Lutz, Uli and Pafel, Jürgen},
	booktitle = {On Extraction and Extraposition in
	German},
	address={Amsterdam},
	publisher={Benjamins}
}
@incollection{Hinterwimmer2010,
	author={Hinterwimmer, Stefan},
	year={2010},
	title={When-Clauses, Factive Verbs and Correlates},
	booktitle={Language and Logos: Festschrift for Peter Staudacher on His 70th Birthday},
	editor = {Fanselow, Gisbert and Hanneforth, Thomas},
	pages={176--189},
	address={Berlin},
	publisher={Akademie Verlag}}

@phdthesis{Bylinina2014,
	author={Bylinina, Lisa},
	year={2014},
	title={The grammar of standards: Judge-dependence, purpose-relativity,
	and comparison classes in degree constructions},
	school={Netherlands Graduate School of Linguistics}}

@book{MacFarlane2014,
	author={MacFarlane, John},
	title={Assessment Sensitivity: Relative Truth and its Applications},
	publisher={Oxford University Press},
	year={2014},
	pages={344}}

@article {Choi2003,
	title = {A constructional approach to English tough constructions},
	journal = {Proceedings from the Annual Meeting of the Chicago Linguistic Society},
	year = {2003},
	volume = {39},
	number = {1},
	pages = {16--31},
}

@article{Pearson2012,
	author = {Pearson, Hazel},
	title = "{A Judge-Free Semantics for Predicates of Personal Taste}",
	journal = {Journal of Semantics},
	volume = {30},
	number = {1},
	pages = {103-154},
	year = {2012},
	month = {03},
	issn = {0167-5133},
	doi = {10.1093/jos/ffs001},
	url = {https://doi.org/10.1093/jos/ffs001},
	eprint = {https://academic.oup.com/jos/article-pdf/30/1/103/4630936/ffs001.pdf},
}

@phdthesis{Hirvonen2016,
	author={Hirvonen, Sanna},
	year={2016},
	title={Predicates of personal taste and perspective dependence},
	school={University College London}}


@article{Landau2009,
	title={Saturation and reification in adjectival diathesis}, volume={45},
	DOI={10.1017/S0022226709005714},
	number={2},
	journal={Journal of Linguistics},
	publisher={Cambridge University Press},
	author={Landau, Idan},
	year={2009},
	pages={315–361}}


